@inproceedings{agirre2015,
  title={SemEval-2015 Task 2: Semantic Textual Similarity, English, Spanish and Pilot on Interpretability},
  author={Eneko Agirre and Carmen Banea and Claire Cardie and Daniel Cer and Mona Diab and Aitor Gonzalez-Agirre and Weiwei Guo and Inigo Lopez-Gazpio and Montse Maritxalar and Rada Mihalcea and German Rigau and Larraitz Uria and Janyce Wiebe},
  booktitle={Proceedings of the 9th International Workshop on Semantic Evaluation},
  pages={252--263},
  year={2015},
}

@inproceedings{arora2017,
  title={A simple but tough-to-beat baseline for sentence embeddings},
  author={Sanjeev Arora and Yingyu Liang and Tengyu Ma},
  booktitle={Proceedings of the 5th International Conference on Learning Representations},
  year=2017,
}

@article{bengio2003,
  title={A neural probabilistic language model},
  author={Bengio, Yoshua and Ducharme, R{\'e}jean and Vincent, Pascal and Jauvin, Christian},
  journal={Journal of Machine Learning Research},
  volume={3},
  number={Feb},
  pages={1137--1155},
  year={2003}
}

@article{luo2017,
  title={Cosine Normalization: Using Cosine Similarity Instead of Dot Product in Neural Networks},
  author={Chunjie Luo and Jianfeng Zhan and Lei Wang and Qiang Yang},
  journal={arXiv preprint arXiv:1702.05870},
  year={2017}
}

@inproceedings{dieng2017,
  title={Topicrnn: A recurrent neural network with long-range semantic dependency},
  author={Dieng, Adji B. and Wang, Chong and Gao, Jianfeng and Paisley, John},
  booktitle={Proceedings of the 5th International Conference on Learning Representations},
  year=2017,
}

@article{fan2008,
  title={LIBLINEAR: A library for large linear classification},
  author={Fan, Rong-En and Chang, Kai-Wei and Hsieh, Cho-Jui and Wang, Xiang-Rui and Lin, Chih-Jen},
  journal={Journal of Machine Learning Research},
  volume={9},
  number={Aug},
  pages={1871--1874},
  year={2008}
}

@inproceedings{joachims1998,
  title={Text categorization with support vector machines: Learning with many relevant features},
  author={Joachims, Thorsten},
  booktitle={Proceedings of the 10th European Conference on Machine Learning},
  pages={137--142},
  year=1998,
}

@inproceedings{johnson2016,
  title={Supervised and semi-supervised text categorization using lstm for region embeddings},
  author={Johnson, Rie and Zhang, Tong},
  booktitle={Proceedings of the 4th International Conference on Learning Representations},
  year=2016,
}

@article{lau2016,
  title={An empirical evaluation of doc2vec with practical insights into document embedding generation},
  author={Lau, Jey Han and Baldwin, Timothy},
  journal={arXiv preprint arXiv:1607.05368},
  year={2016}
}

@inproceedings{le2014,
  title={Distributed Representations of Sentences and Documents},
  author={Quoc V. Le and Tomas Mikolov},
  booktitle={Proceedings of the 31st International Conference on Machine Learning},
  pages={1188--1196},
  year=2014,
}

@inproceedings{li2016a,
  title={Learning document embeddings by predicting n-grams for sentiment classification of long movie reviews},
  author={Li, Bofang and Liu, Tao and Du, Xiaoyong and Zhang, Deyuan and Zhao, Zhe},
  booktitle={Proceedings of the 4th International Workshop on Learning Representations},
  year=2016,
}

@inproceedings{li2017,
  title={Neural Bag-of-Ngrams},
  author={Li, Bofang and Liu, Tao and Zhao, Zhe and Wang, Puwei and Du, Xiaoyong},
  booktitle={Proceedings of the 31st AAAI Conference on Artificial Intelligence},
  pages={3067--3074},
  year=2017,
}

@inproceedings{li2016b,
  title={Weighted Neural Bag-of-n-grams Model: New Baselines for Text Classification},
  author={Li, Bofang and Zhao, Zhe and Liu, Tao and Wang, Puwei and Du, Xiaoyong},
  booktitle={Proceedings of the 26th International Conference on Computational Linguistics},
  pages={1591--1600},
  year=2016,
}

@inproceedings{maas2011,
  title={Learning word vectors for sentiment analysis},
  author={Maas, Andrew L. and Daly, Raymond E. and Pham, Peter T. and Huang, Dan and Ng, Andrew Y. and Potts, Christopher},
  booktitle={Proceedings of the 49th Annual Meeting of the Association for Computational Linguistics},
  pages={142--150},
  year=2011,
}

@inproceedings{mesnil2015,
  title={Ensemble of generative and discriminative techniques for sentiment analysis of movie reviews},
  author={Mesnil, Gr{\'e}goire and Mikolov, Tomas and Ranzato, Marc'Aurelio and Bengio, Yoshua},
  booktitle={Proceedings of the 3rd International Workshop on Learning Representations},
  year=2015,
}

@inproceedings{mikolov2013,
  title={Distributed representations of words and phrases and their compositionality},
  author={Mikolov, Tomas and Sutskever, Ilya and Chen, Kai and Corrado, Greg S. and Dean, Jeff},
  booktitle={Proceedings of the 26th International Conference on Neural Information Processing Systems},
  pages={3111--3119},
  year=2013,
}

@inproceedings{miyato2016,
  title={Adversarial Training Methods for Semi-Supervised Text Classification},
  author={Miyato, Takeru and Dai, Andrew M. and Goodfellow, Ian},
  booktitle={Proceedings of the 4th International Conference on Learning Representations},
  year=2016,
}

@inproceedings{pang2004,
  title={A sentimental education: Sentiment analysis using subjectivity summarization based on minimum cuts},
  author={Pang, Bo and Lee, Lillian},
  booktitle={Proceedings of the 42nd Annual Meeting of the Association for Computational Linguistics},
  pages={271},
  year=2004,
}

@article{pedregosa2011,
  title={Scikit-learn: Machine learning in Python},
  author={Pedregosa, Fabian and Varoquaux, Ga{\"e}l and Gramfort, Alexandre and Michel, Vincent and Thirion, Bertrand and Grisel, Olivier and Blondel, Mathieu and Prettenhofer, Peter and Weiss, Ron and Dubourg, Vincent and others},
  journal={Journal of Machine Learning Research},
  volume={12},
  number={Oct},
  pages={2825--2830},
  year={2011}
}

@article{rumelhart1986,
  author={Rumelhart, David E. and Hinton, Geoffrey E. and Williams, Ronald J.},
  title={Learning representations by back-propagating errors},
  journal={Nature},
  year={1986},
  volume={323},
  number={6088},
  pages={533--536},
}

@inproceedings{socher2013,
  title={Recursive deep models for semantic compositionality over a sentiment treebank},
  author={Socher, Richard and Perelygin, Alex and Wu, Jean and Chuang, Jason and Manning, Christopher D. and Ng, Andrew and Potts, Christopher},
  booktitle={Proceedings of the 2013 Conference on Empirical Methods in Natural Language Processing},
  pages={1631--1642},
  year=2013,
}

@inproceedings{wang2012,
 author = {Wang, Sida and Manning, Christopher D.},
 title = {Baselines and Bigrams: Simple, Good Sentiment and Topic Classification},
 booktitle = {Proceedings of the 50th Annual Meeting of the Association for Computational Linguistics},
 year = {2012},
 pages = {90--94},
} 

@inproceedings{wieting2015,
  title={Towards universal paraphrastic sentence embeddings},
  author={Wieting, John and Bansal, Mohit and Gimpel, Kevin and Livescu, Karen},
  booktitle={Proceedings of the 4th International Conference on Learning Representations},
  year=2015,
}

@article{dai2015,
  title={Document Embedding with Paragraph Vectors},
  author={Dai, Andrew M. and Olah, Christopher and Le, Quoc V.},
  journal={arXiv preprint arXiv:1507.07998},
  year={2015}
}

@article{singhal2001,
title	= {Modern Information Retrieval: A Brief Overview},
author	= {Amit Singhal},
year	= {2001},
journal	= {IEEE Data Engineering Bulletin},
pages	= {35--43},
volume	= {24},
number    = {4}
}

@inproceedings{peters2018,
    title = "Deep Contextualized Word Representations",
    author = "Peters, Matthew E. and
      Neumann, Mark  and
      Iyyer, Mohit  and
      Gardner, Matt  and
      Clark, Christopher  and
      Lee, Kenton  and
      Zettlemoyer, Luke",
    booktitle = "Proceedings of the 2018 Conference of the North American Chapter of the Association for Computational Linguistics: Human Language Technologies",
    year = "2018",
    pages = "2227--2237",
}

@article{hochreiter1997,
 author = {Hochreiter, Sepp and Schmidhuber, J\"{u}rgen},
 title = {Long Short-Term Memory},
 journal = {Neural Computation},
 volume = {9},
 number = {8},
 year = {1997},
 pages = {1735--1780},
} 

@article{devlin2018,
  title={Bert: Pre-training of deep bidirectional transformers for language understanding},
  author={Devlin, Jacob and Chang, Ming-Wei and Lee, Kenton and Toutanova, Kristina},
  journal={arXiv preprint arXiv:1810.04805},
  year={2018}
}

@inproceedings{vaswani2017,
title = {Attention is All you Need},
author = {Vaswani, Ashish and Shazeer, Noam and Parmar, Niki and Uszkoreit, Jakob and Jones, Llion and Gomez, Aidan N. and Kaiser, \L ukasz and Polosukhin, Illia},
booktitle = {Proceedings of the 31st International Conference on Neural Information Processing Systems},
pages = {5998--6008},
year = {2017}
}

@article{xie2019,
  title={Unsupervised Data Augmentation},
  author={Xie, Qizhe and Dai, Zihang and Hovy, Eduard and Luong, Minh-Thang and Le, Quoc V.},
  journal={arXiv preprint arXiv:1904.12848},
  year={2019}
}